<record><leader>00000cas a22000007a 4500</leader><controlfield tag="001">13118868</controlfield><controlfield tag="008">860207d18641865wvuwr ne      0    0eng d</controlfield><datafield ind1=" " ind2=" " tag="010"><subfield code="a">sn 86092173 </subfield></datafield><datafield ind1=" " ind2=" " tag="040"><subfield code="a">WVC</subfield><subfield code="b">eng</subfield><subfield code="c">WVC</subfield><subfield code="d">DLC</subfield><subfield code="d">OCL</subfield><subfield code="d">NVK</subfield><subfield code="d">OCL</subfield><subfield code="d">OCLCQ</subfield><subfield code="d">OCLCF</subfield><subfield code="d">OCLCO</subfield></datafield><datafield ind1=" " ind2=" " tag="042"><subfield code="a">msc</subfield></datafield><datafield ind1="0" ind2=" " tag="130"><subfield code="a">Morgantown weekly post (Morgantown, W. Va. : 1864)</subfield></datafield><datafield ind1="0" ind2="0" tag="245"><subfield code="a">Morgantown weekly post.</subfield></datafield><datafield ind1=" " ind2=" " tag="260"><subfield code="a">Morgantown, W. Va. :</subfield><subfield code="b">Henry M. Morgan &amp; Nelson N. Hoffman,</subfield><subfield code="c">1864-1865.</subfield></datafield><datafield ind1=" " ind2=" " tag="300"><subfield code="a">v.</subfield></datafield><datafield ind1=" " ind2=" " tag="310"><subfield code="a">Weekly</subfield></datafield><datafield ind1="0" ind2=" " tag="362"><subfield code="a">Vol. 1, no. 1 (Mar. 12, 1864)-v. 1, no. 52 (Mar. 25, 1865).</subfield></datafield><datafield ind1=" " ind2=" " tag="515"><subfield code="a">Publication suspended between Mar. 25, 1865 (v. 1, no. 52) and May 20, 1865 (v. 2, no. 1, w. no. 53).</subfield></datafield><datafield ind1=" " ind2=" " tag="530"><subfield code="a">Available on microfilm from Bell and Howell.</subfield></datafield><datafield ind1=" " ind2="0" tag="651"><subfield code="a">Morgantown (W. Va.)</subfield><subfield code="v">Newspapers.</subfield></datafield><datafield ind1=" " ind2="7" tag="655"><subfield code="a">Newspapers.</subfield><subfield code="2">fast</subfield><subfield code="0">(OCoLC)fst01423814</subfield></datafield><datafield ind1=" " ind2="7" tag="651"><subfield code="a">West Virginia</subfield><subfield code="z">Morgantown.</subfield><subfield code="2">fast</subfield><subfield code="0">(OCoLC)fst01205436</subfield></datafield><datafield ind1=" " ind2=" " tag="752"><subfield code="a">United States</subfield><subfield code="b">West Virginia</subfield><subfield code="c">Monongalia</subfield><subfield code="d">Morgantown.</subfield></datafield><datafield ind1="0" ind2="1" tag="780"><subfield code="t">Morgantown monitor</subfield><subfield code="w">(DLC)sn 86092176</subfield></datafield><datafield ind1="0" ind2="0" tag="785"><subfield code="t">Morgantown weekly post, and Monongalia and Preston County gazette</subfield><subfield code="w">(DLC)sn 86092174</subfield></datafield></record>